@Article{TTLT:14,
  author =  {Ryan J.~Tibshirani and Jonathan Taylor and Richard Lockhart and Robert John Tibshirani},
  title =   {Exact Post-Selection Inference for Sequential Regression Procedures},
      journal = {arXiv e-prints},
     keywords = {Statistics - Methodology, 62F03, 62G15},
         year = "2014",
        month = "Jan",
          eid = {arXiv:1401.3889},
        pages = {arXiv:1401.3889},
archivePrefix = {arXiv},
       eprint = {1401.3889},
 primaryClass = {stat.ME},
}

@Article{LLW:92,
  author =  {Robert H.~Lyles and Hung-Mo Lin and John M.~Williamson},
  title =   {A practical approach to computing power for generalized linear models with nominal, count, or ordinal responses},
  journal = {Statistics in Medicine},
  year =    2007,
  volume =  26,
  number =  7,
  pages =   {1632--48}
}


@Article{SMO:92,
  author =  {Steven G.~Self and Robert H.~Mauritsen and Jill Ohara},
  title =   {Power Calculations for Likelihood Ratio Tests in Generalized Linear Models},
  journal = {Biometrics},
  year =    1992,
  volume =  48,
  number =  1,
  pages =   {31--39}
}


@Article{SM:88,
  author =  {Steven G.~Self and Robert H.~Mauritsen},
  title =   {Power/Sample Size Calculations for Generalized Linear Models},
  journal = {Biometrics},
  year =    1988,
  volume =  44,
  number =  1,
  pages =   {79--86}
}


@Article{Shieh:00,
  author =  {Gwowen Shieh},
  title =   {On Power and Sample Size Calculations for Likelihood Ratio Tests in Generalized Linear Models},
  journal = {Biometrics},
  year =    2000,
  volume =  56,
  number =  4,
  pages =   {1192--1196}
}


@Article{JBFM:15,
  author =  {Paul Christopher Duncan Johnson and Sarah J.~E.~Barry and Heather M.~Ferguson and Pie M\"{u}ller},
  title =   {Power analysis for generalized linear mixed models in ecology and evolution},
  journal = {Methods in Ecology and Evolution},
  year =    2015,
  volume =  6,
  number =  2,
  pages =   {133--142}
}


@Article{Cleveland:1979,
  author =  {William Swain Cleveland II},
  title =   {Robust Locally Weighted Regression and Smoothing Scatterplots},
  journal = {Journal of the American Statistical Association},
  year =    1979,
  volume =  74,
  number =  368,
  pages =   {829--836}
}


@Article{Fletcher:12,
  author =  {David James Fletcher},
  title =   {Estimating overdispersion when fitting a generalized linear model to sparse data},
  journal = {Biometrika},
  year =    2012,
  volume =  99,
  number =  1,
  pages =   {230--237}
}


@Article{DW:50,
  author =  {James Durbin and Geoffrey Stuart Watson},
  title =   {Testing for Serial Correlation in Least Squares Regression. {I}},
  journal = {Biometrika},
  year =    1950,
  volume =  37,
  number =  {3-4},
  pages =   {409--428}
}


@Article{DW:51,
  author =  {James Durbin and Geoffrey Stuart Watson},
  title =   {Testing for Serial Correlation in Least Squares Regression. {II}},
  journal = {Biometrika},
  year =    1951,
  volume =  38,
  number =  {1-2},
  pages =   {159--177}
}


@Article{DW:71,
  author =  {James Durbin and Geoffrey Stuart Watson},
  title =   {Testing for Serial Correlation in Least Squares Regression. {III}},
  journal = {Biometrika},
  year =    1971,
  volume =  58,
  number =  1,
  pages =   {1--19}
}


@Article{HT:86,
  author =  {Trevor John Hastie and Robert John Tibshirani},
  title =   {Generalized Additive Models},
  journal = {Statist.~Sci.},
  year =    1986,
  volume =  1,
  number =  3,
  pages =   {297--310}
}


@Article{Tibs:96,
  author =  {Robert John Tibshirani},
  title =   {Regression shrinkage and selection via the lasso},
  journal = {Journal of the Royal Statistical Society. Series B},
  year =    1996,
  volume =  58,
  number =  1,
  pages =   {267--288}
}


@Article{NW:72,
  author =  {John Ashworth Nelder and Robert William Maclagan Wedderburn},
  title =   {Generalized Linear Models},
  journal = {Journal of the Royal Statistical Society. Series A},
  year =    1972,
  volume =  135,
  number =  3,
  pages =   {370--384}
}


@Article{Cook:1977,
  author =  {Ralph Dennis Cook},
  title =   {Detection of Influential Observation in Linear Regression},
  journal = {Technometrics},
  year =    1977,
  volume =  19,
  number =  1,
  pages =   {15--18}
}


@book{Scheffe:1959,
  author = {Henry Scheff\'e},
  publisher = {John Wiley \& Sons, Inc.},
  title = {The Analysis of Variance},
  year = 1959
}

@book{Box:1987,
  author = {George Edward Pelham Box and Norman Richard Draper},
  publisher = {John Wiley \& Sons, Inc.},
  title = {Empirical Model-Building and Response Surfaces},
  year = 1987
}


@book{Burnham:2002,
  author = {Kenneth P.~Burnham and David Raymond Anderson},
  publisher = {Springer},
  title = {Model Selection and Multimodel Inference, A Practical Information-Theoretic Approach},
  year = 2002,
  edition = {2nd}
}


@book{Seber:2003,
  author = {George Arthur Frederick Seber and Alan James Lee},
  publisher = {John Wiley \& Sons, Inc.},
  title = {Linear Regression Analysis},
  year = 2003,
  edition = {2nd}
}


@book{CB:2001,
  author = {George C.~Casella and Roger L.~Berger},
  publisher = {Cengage Learning},
  title = {Statistical Inference},
  year = 2001,
  edition = {2nd}
}


@book{Wood:2017,
  author = {Simon N.~Wood},
  publisher = {Chapman \& Hall},
  title = {Generalized Additive Models, An Introduction with R},
  year = 2017,
  edition = {2nd}
}


@book{Stroup:2012,
  author = {Walter W.~Stroup},
  publisher = {Chapman \& Hall},
  title = {Generalized Linear Mixed Models},
  year = 2012
}


@book{Efron:1993,
  author = {Bradley Efron and Robert John Tibshirani},
  publisher = {Chapman \& Hall},
  title = {An Introduction to the Bootstrap},
  year = 1993
}


@book{Hastie:1990,
  author = {Trevor John Hastie and Robert John Tibshirani},
  publisher = {Chapman \& Hall},
  title = {Generalized Additive Models},
  year = 1990
}


@book{Agresti:2012,
  author = {Alan Agresti},
  publisher = {John Wiley \& Sons, Inc.},
  title = {Categorical Data Analysis},
  year = 2012
}


@book{MN:1983,
  author = {Peter McCullagh and John Ashworth Nelder},
  publisher = {Chapman \& Hall},
  title = {Generalized Linear Models},
  year = 1989,
  edition = {2nd}
}


@book{Weisberg:2005,
  author = {Sanford Weisberg},
  publisher = {John Wiley \& Sons, Inc.},
  title = {Applied Linear Regression},
  year = 2005,
  edition = {3rd}
}


@book{Birkes:1993,
    Author = {David Spencer Birkes and Yadolah Dodge},
    Title = {Alternative Methods of Regression.},
    FJournal = {{Wiley Series in Probability and Mathematical Statistics}},
    Journal = {{Wiley Ser.~Probab.~Math.~Stat.}},
    ISBN = {0-471-56881-3},
    Pages = {xii + 228},
    Year = {1993},
    Publisher = {John Wiley \& Sons, Inc.},
    Language = {English},
    MSC2010 = {62J05 62-01},
    Zbl = {0850.62528}
}



% references for subgradient methods

@book{BoV:04,
 author = {Stephen P.~Boyd and Lieven Vandenberghe},
 title = {Convex Optimization},
 publisher = {Cambridge University Press},
 year = 2004
}

@book{Sho:85,
author = {N. Shor},
title = {Minimization Methods for Non-differentiable Functions},
publisher = {Springer},
year = 1985,
series = {Springer Series in Computational Mathematics}
}

@book{Sho:98,
author = {N. Shor},
title = {Nondifferentiable Optimization and Polynomial Problems},
publisher = {Kluwer},
year = 1998,
series = {Nonconvex Optimization and its Applications}
}

@book{Akg:84,
 author = {M. Akg\"{u}l},
 title = {Topics in Relaxation and Ellipsoidal Methods},
 publisher = {Pitman},
 year = 1984,
 volume = 97,
 series = {Research Notes in Mathematics}
}

@book{Ber:99,
author={D. Bertsekas},
title={Nonlinear Programming},
publisher={Athena Scientific},
year = {1999},
edition={second}
}

@book{Pol:87,
 author = {B. Polyak},
 title = {Introduction to Optimization},
 publisher = {Optimization Software, Inc.},
 year = 1987
}

@book{Rusz:2006,
  author    = {A. Ruszczy\'nski},
  title     = {Nonlinear Optimization},
  publisher = {Princeton University Press},
  year      = {2006}
}

@book{Nes:2004,
  author    = {Y. Nesterov},
  title     = {Introductory Lectures on Convex Optimization:
               A Basic Course},
  publisher = {Kluwer Academic Publishers},
  year      = {2004}
}

@book{CZ:1997,
  author    = {Y. Censor and S. Zenios},
  title     = {Parallel Optimization},
  publisher = {Oxford University Press},
  year      = {1997}
}

@book{NemYu:1983,
  author    = {A. Nemirovski and D. Yudin},
  title     = {Problem Complexity and Method Efficiency in Optimization},
  publisher = {Wiley-Interscience},
  year      = {1983}
}

% papers
@Article{ NeB:01,
  author =  {A. Nedi\'c and D. Bertsekas},
  title =   {Incremental Subgradient Methods for
             Nondifferentiable Optimization},
  journal = {SIAM J. on Optimization},
  year =    2001,
  volume =  12,
  pages =   {109--138}
}

@Article{ CFM:1975,
  author =  {P. Camerini and L. Fratta and F. Maffioli},
  title =   {On improving relaxation methods by modifying
             gradient techniques},
  journal = {Math. Programming Study},
  year =    1975,
  volume =  3,
  pages =   {26--34}
}


@MISC{ Nes:2005,
  author = {Y. Nesterov},
  title =  {Primal-dual subgradient methods for convex problems},
  howpublished = {CORE Discussion Paper \#2005/67. Available at
  \url{www.core.ucl.ac.be/services/psfiles/dp05/dp2005_67.pdf}},
  year = 2005
}

@article{Tref:2008,
 author = {L. N. Trefethen},
 title = {Is {G}auss Quadrature Better Than {C}lenshaw-{C}urtis?},
 journal = {SIAM Review},
 volume = {50},
 year = {2008},
 pages = {67--87}
} 

@article{Halmos:1970,
 title = {How to Write Mathematics},
 author = {P. R. Halmos},
 volume = {16},
 pages = {123--152},
 year = 1970,
 journal = {L'Enseignement Math\'{e}matique}
}



% stochastic subgradient references
@Book{BiL:97,
    AUTHOR  =  {J. R. Birge and F. Louveaux},
    TITLE   =  {Introduction to Stochastic Programming},
    YEAR    =  1997,
    PUBLISHER= {Springer},
    ADDRESS =  {New York}
}

@Book{Pre:95,
  author = {A. Prekopa},
  title = {Stochastic Programming},
  publisher = {Kluwer Academic Publishers},
  year = {1995}
}

@Book{Mar:05,
  author = {K. Marti},
  title = {Stochastic Optimization Methods},
  publisher = {Springer},
  year = {2005}
}

@MISC{NestVial:2000,
  author = {Y. Nesterov and J.-Ph. Vial},
  title =  {Confidence level solutions for stochastic programming},
  howpublished = {CORE Discussion Paper \#2000/13. Available at
  \url{www.core.ucl.ac.be/services/psfiles/dp00/dp2000-13.pdf}},
  year = 2000
}


                  
@book{Cover:1991,
 author = {T. M. Cover and J. A. Thomas},
 title = {Elements of Information Theory},
 year = {1991},
 publisher = {Wiley-Interscience}
} 

@book{Hastie:2001,
  author = {Trevor John Hastie and Robert John Tibshirani and Jerome Harold Friedman},
  publisher = {Springer},
  title = {The Elements of Statistical Learning},
  year = 2001
}

@book{Sipser:2001,
  title={Introduction to the Theory of Computation},
  author={M. Sipser},
  year={2001},
  publisher={Thomson Course Technology}
}

@book {Rudin:1976,
    AUTHOR = {W. Rudin},
   EDITION = {Third},
 PUBLISHER = {McGraw-Hill Book Co.},
      YEAR = {1976},
title={Principles of Mathematical Analysis}
}

@book{Cormen:2001,
 author = {T. H. Cormen and C. Stein and R. L. Rivest and C. E. Leiserson},
 title = {Introduction to Algorithms},
 year = {2001},
 edition = {2nd},
 publisher = {McGraw-Hill Higher Education},
} 


@Book{Goldstein:1980,
  author =	 {H. Goldstein},
  title = 	 {Classical Mechanics},
  publisher = 	 {Addison-Wesley Publishing Company},
  year = 	 1980,
  edition =	 {2nd}
}


@Book {Evans:2010,
   title = {Partial Differential Equations},
   year = {2010},
   publisher = {American Mathematical Society},
   author = {L. C. Evans}
}

@book{Knuth:1973,
  author    = {Donald Ervin Knuth},
  title     = {The Art of Computer Programming, Volume I: Fundamental Algorithms},
  publisher = {Addison-Wesley},
  year      = {1973},
  edition = {2nd},
}

@book{Knuth:1989,
  author    = {Donald Ervin Knuth and
               T. Larrabee and
               P. M. Roberts},
  title     = {Mathematical Writing},
  publisher = {Mathematical Association of America},
  series    = {MAA notes},
  volume    = {14},
  year      = {1989},
  pages     = {1--115},
}

@book{SW:59,
  author = {W. Strunk and E. White},
  title = {The Elements of Style},
  year = 1957,
  publisher={Macmillan}
}
